@article{ghaffarizadeh15_bioinformatics,
 author="Ghaffarizadeh, Ahmadreza and Friedman, Samuel H. and Macklin, Paul",
 title="BioFVM: an efficient, parallelized diffusive transport solver for 3-D biological simulations",
 journal="Bioinformatics",
 volume="32",
 number="8",
 year="2016",
 pages="1256-8",
 DOI="10.1093/bioinformatics/btv730",
 URL="http://dx.doi.org/10.1093/bioinformatics/btv730",
}

