@article{biofvm,
 author="Ghaffarizadeh, Ahmadreza and Friedman, Samuel H. and Macklin, Paul",
 title="BioFVM: an efficient, parallelized diffusive transport solver for 3-D biological simulations",
 journal="Bioinformatics",
 volume="32",
 number="8",
 year="2016",
 pages="1256-8",
 DOI="10.1093/bioinformatics/btv730",
 URL="http://dx.doi.org/10.1093/bioinformatics/btv730",
}

@article{physicell,
 author="Ghaffarizadeh, Ahmadreza and Friedman, Samuel H and Mumenthaler, Shannon M and Macklin, Paul",
 title={PhysiCell: an Open Source Physics-Based Cell Simulator for 3-D Multicellular Systems},
 journal={PLoS Comput. Biol.},
 year={2016 (in review)}, 
}


@article{nishii,
title = "Multiscale computational model of fluid flow and matrix deformation in decellularized liver ",
journal = "Journal of the Mechanical Behavior of Biomedical Materials ",
volume = "57",
number = "",
pages = "201 - 214",
year = "2016",
note = "",
issn = "1751-6161",
doi = "http://dx.doi.org/10.1016/j.jmbbm.2015.11.033",
url = "http://www.sciencedirect.com/science/article/pii/S1751616115004518",
author = "Kenichiro Nishii and Greg Reese and Emma C. Moran and Jessica L. Sparks",
keywords = "Regenerative medicine",
keywords = "Tissue engineering",
keywords = "Biomechanics",
keywords = "Liver decellularization "
}

@article{tsukada,
title={Visualization and Analysis of Blood Flow and Oxygen Consumption in Hepatic Microcirculation: Application to an Acute Hepatitis Model},
author={Tsukada, Kosuke and Suematsu, Makoto}, 
year = 2012, 
url= {http://dx.doi.org/10.3791/3996}, 
doi = {10.3791/3996},
pages = {e3996}, 
volume=66, 
journal={J. Vis. Exp.}, 
}

@article{dantonio13_mbe,
 author="D'Antonio, Gianluca and Macklin, Paul and Preziosi, Luigi",
 title="An agent-based model for elasto-plastic mechanical interactions between cells, basement membrane and extracellular matrix",
 journal="Math. Biosci. Eng.",
 volume="10",
 number="1",
 year="2013",
 pages="75-101",
 DOI="10.3934/mbe.2013.10.75",
 URL="http://dx.doi.org/10.3934/mbe.2013.10.75",
}

